%% This BibTeX bibliography file was created using BibDesk.
%% http://bibdesk.sourceforge.net/

%% Created for Kungang Zhang at 2016-10-27 08:05:51 -0500 


%% Saved with string encoding Unicode (UTF-8) 



@book{hamilton1994time,
	Author = {Hamilton, James Douglas},
	Date-Added = {2016-10-27 13:05:48 +0000},
	Date-Modified = {2016-10-27 13:05:48 +0000},
	Publisher = {Princeton university press Princeton},
	Title = {Time series analysis},
	Volume = {2},
	Year = {1994}}

@article{giannone2016priors,
	Author = {Giannone, Domenico and Lenza, Michele and Primiceri, Giorgio E},
	Date-Added = {2016-10-27 12:27:08 +0000},
	Date-Modified = {2016-10-27 12:27:08 +0000},
	Publisher = {CEPR Discussion Paper No. DP11261},
	Title = {Priors for the long run},
	Year = {2016}}
