%% This BibTeX bibliography file was created using BibDesk.
%% http://bibdesk.sourceforge.net/

%% Created for Kungang Zhang at 2016-11-15 10:03:03 -0600 


%% Saved with string encoding Unicode (UTF-8) 



@article{sims2006were,
	Author = {Sims, Christopher A and Zha, Tao},
	Date-Added = {2016-11-15 16:03:02 +0000},
	Date-Modified = {2016-11-15 16:03:02 +0000},
	Journal = {The American Economic Review},
	Number = {1},
	Pages = {54--81},
	Publisher = {American Economic Association},
	Title = {Were there regime switches in US monetary policy?},
	Volume = {96},
	Year = {2006}}

@book{hamilton1994time,
	Author = {Hamilton, James Douglas},
	Date-Added = {2016-10-27 13:05:48 +0000},
	Date-Modified = {2016-10-27 13:05:48 +0000},
	Publisher = {Princeton university press Princeton},
	Title = {Time series analysis},
	Volume = {2},
	Year = {1994}}

@article{giannone2016priors,
	Author = {Giannone, Domenico and Lenza, Michele and Primiceri, Giorgio E},
	Date-Added = {2016-10-27 12:27:08 +0000},
	Date-Modified = {2016-10-27 12:27:08 +0000},
	Publisher = {CEPR Discussion Paper No. DP11261},
	Title = {Priors for the long run},
	Year = {2016}}
